%YAML 1.1
%TAG !u! tag:unity3d.com,2011:
--- !u!1 &37000446790597159
GameObject:
  m_ObjectHideFlags: 0
  m_CorrespondingSourceObject: {fileID: 0}
  m_PrefabInstance: {fileID: 0}
  m_PrefabAsset: {fileID: 0}
  serializedVersion: 6
  m_Component:
  - component: {fileID: 7049087413566612315}
  m_Layer: 0
  m_Name: mixamorig:LeftUpLeg
  m_TagString: Untagged
  m_Icon: {fileID: 0}
  m_NavMeshLayer: 0
  m_StaticEditorFlags: 0
  m_IsActive: 1
--- !u!4 &7049087413566612315
Transform:
  m_ObjectHideFlags: 0
  m_CorrespondingSourceObject: {fileID: 0}
  m_PrefabInstance: {fileID: 0}
  m_PrefabAsset: {fileID: 0}
  m_GameObject: {fileID: 37000446790597159}
  m_LocalRotation: {x: -0.00006519393, y: 0.011134513, z: 0.9998919, w: 0.009610259}
  m_LocalPosition: {x: -0.110130556, y: -0.04892647, z: -0.0014082103}
  m_LocalScale: {x: 1, y: 1, z: 1}
  m_Children:
  - {fileID: 526525194869185499}
  m_Father: {fileID: 2023234420736950194}
  m_RootOrder: 0
  m_LocalEulerAnglesHint: {x: -83.28712, y: 84.96244, z: 81.705246}
--- !u!1 &43379615900068744
GameObject:
  m_ObjectHideFlags: 0
  m_CorrespondingSourceObject: {fileID: 0}
  m_PrefabInstance: {fileID: 0}
  m_PrefabAsset: {fileID: 0}
  serializedVersion: 6
  m_Component:
  - component: {fileID: 419670800926426431}
  m_Layer: 0
  m_Name: mixamorig:LeftHandIndex3
  m_TagString: Untagged
  m_Icon: {fileID: 0}
  m_NavMeshLayer: 0
  m_StaticEditorFlags: 0
  m_IsActive: 1
--- !u!4 &419670800926426431
Transform:
  m_ObjectHideFlags: 0
  m_CorrespondingSourceObject: {fileID: 0}
  m_PrefabInstance: {fileID: 0}
  m_PrefabAsset: {fileID: 0}
  m_GameObject: {fileID: 43379615900068744}
  m_LocalRotation: {x: 0.000000051366595, y: 0.000063812804, z: 0.0008647595, w: 0.99999964}
  m_LocalPosition: {x: 0.0000031120974, y: 0.04574204, z: 1.6221349e-11}
  m_LocalScale: {x: 1, y: 1, z: 1}
  m_Children:
  - {fileID: 7673404376086903903}
  m_Father: {fileID: 4907413398818334928}
  m_RootOrder: 0
  m_LocalEulerAnglesHint: {x: 7.9876056, y: 0.06845513, z: 0.9705786}
--- !u!1 &77150169737526656
GameObject:
  m_ObjectHideFlags: 0
  m_CorrespondingSourceObject: {fileID: 0}
  m_PrefabInstance: {fileID: 0}
  m_PrefabAsset: {fileID: 0}
  serializedVersion: 6
  m_Component:
  - component: {fileID: 763672602775162019}
  m_Layer: 0
  m_Name: mixamorig:Neck
  m_TagString: Untagged
  m_Icon: {fileID: 0}
  m_NavMeshLayer: 0
  m_StaticEditorFlags: 0
  m_IsActive: 1
--- !u!4 &763672602775162019
Transform:
  m_ObjectHideFlags: 0
  m_CorrespondingSourceObject: {fileID: 0}
  m_PrefabInstance: {fileID: 0}
  m_PrefabAsset: {fileID: 0}
  m_GameObject: {fileID: 77150169737526656}
  m_LocalRotation: {x: -0.0061093387, y: 4.4021237e-14, z: 2.2710897e-13, w: 0.99998134}
  m_LocalPosition: {x: -0, y: 0.13233921, z: -1.5499167e-10}
  m_LocalScale: {x: 1, y: 1, z: 1}
  m_Children:
  - {fileID: 8641866170404043715}
  m_Father: {fileID: 523571860976597059}
  m_RootOrder: 1
  m_LocalEulerAnglesHint: {x: -1.3265641, y: 1.3690397, z: -0.5154803}
--- !u!1 &258917459179943069
GameObject:
  m_ObjectHideFlags: 0
  m_CorrespondingSourceObject: {fileID: 0}
  m_PrefabInstance: {fileID: 0}
  m_PrefabAsset: {fileID: 0}
  serializedVersion: 6
  m_Component:
  - component: {fileID: 5189021547170621559}
  m_Layer: 0
  m_Name: mixamorig:LeftToeBase
  m_TagString: Untagged
  m_Icon: {fileID: 0}
  m_NavMeshLayer: 0
  m_StaticEditorFlags: 0
  m_IsActive: 1
--- !u!4 &5189021547170621559
Transform:
  m_ObjectHideFlags: 0
  m_CorrespondingSourceObject: {fileID: 0}
  m_PrefabInstance: {fileID: 0}
  m_PrefabAsset: {fileID: 0}
  m_GameObject: {fileID: 258917459179943069}
  m_LocalRotation: {x: 0.27665988, y: 0.0299122, z: -0.008616157, w: 0.96046364}
  m_LocalPosition: {x: 2.5600288e-11, y: 0.23825727, z: -1.2439702e-10}
  m_LocalScale: {x: 1, y: 1, z: 1}
  m_Children:
  - {fileID: 2881562348030249731}
  m_Father: {fileID: 5202307085289514828}
  m_RootOrder: 0
  m_LocalEulerAnglesHint: {x: 32.24084, y: 3.5708797, z: 0.0069564865}
--- !u!1 &391985596081862713
GameObject:
  m_ObjectHideFlags: 0
  m_CorrespondingSourceObject: {fileID: 0}
  m_PrefabInstance: {fileID: 0}
  m_PrefabAsset: {fileID: 0}
  serializedVersion: 6
  m_Component:
  - component: {fileID: 2818145423626393962}
  m_Layer: 0
  m_Name: mixamorig:RightHandRing1
  m_TagString: Untagged
  m_Icon: {fileID: 0}
  m_NavMeshLayer: 0
  m_StaticEditorFlags: 0
  m_IsActive: 1
--- !u!4 &2818145423626393962
Transform:
  m_ObjectHideFlags: 0
  m_CorrespondingSourceObject: {fileID: 0}
  m_PrefabInstance: {fileID: 0}
  m_PrefabAsset: {fileID: 0}
  m_GameObject: {fileID: 391985596081862713}
  m_LocalRotation: {x: -0.015429714, y: -0.0006223902, z: 0.099429026, w: 0.99492484}
  m_LocalPosition: {x: 0.018213317, y: 0.10629827, z: 0.0018349484}
  m_LocalScale: {x: 1, y: 1, z: 1}
  m_Children:
  - {fileID: 6380226747272920354}
  m_Father: {fileID: 998882836812601943}
  m_RootOrder: 3
  m_LocalEulerAnglesHint: {x: 2.422734, y: 0.8228222, z: 3.7908483}
--- !u!1 &795820583553091789
GameObject:
  m_ObjectHideFlags: 0
  m_CorrespondingSourceObject: {fileID: 0}
  m_PrefabInstance: {fileID: 0}
  m_PrefabAsset: {fileID: 0}
  serializedVersion: 6
  m_Component:
  - component: {fileID: 2034229692055108116}
  m_Layer: 0
  m_Name: mixamorig:Spine
  m_TagString: Untagged
  m_Icon: {fileID: 0}
  m_NavMeshLayer: 0
  m_StaticEditorFlags: 0
  m_IsActive: 1
--- !u!4 &2034229692055108116
Transform:
  m_ObjectHideFlags: 0
  m_CorrespondingSourceObject: {fileID: 0}
  m_PrefabInstance: {fileID: 0}
  m_PrefabAsset: {fileID: 0}
  m_GameObject: {fileID: 795820583553091789}
  m_LocalRotation: {x: 0.0061093317, y: -0.000000114537286, z: -0.0000037829434, w: 0.99998134}
  m_LocalPosition: {x: -0, y: 0.08821957, z: 0.0010779873}
  m_LocalScale: {x: 1, y: 1, z: 1}
  m_Children:
  - {fileID: 2889142119813874278}
  m_Father: {fileID: 2023234420736950194}
  m_RootOrder: 2
  m_LocalEulerAnglesHint: {x: 11.523242, y: -0.02828879, z: 1.5852442}
--- !u!1 &1009577637274251192
GameObject:
  m_ObjectHideFlags: 0
  m_CorrespondingSourceObject: {fileID: 0}
  m_PrefabInstance: {fileID: 0}
  m_PrefabAsset: {fileID: 0}
  serializedVersion: 6
  m_Component:
  - component: {fileID: 5431249861083517467}
  m_Layer: 0
  m_Name: mixamorig:LeftHandRing4
  m_TagString: Untagged
  m_Icon: {fileID: 0}
  m_NavMeshLayer: 0
  m_StaticEditorFlags: 0
  m_IsActive: 1
--- !u!4 &5431249861083517467
Transform:
  m_ObjectHideFlags: 0
  m_CorrespondingSourceObject: {fileID: 0}
  m_PrefabInstance: {fileID: 0}
  m_PrefabAsset: {fileID: 0}
  m_GameObject: {fileID: 1009577637274251192}
  m_LocalRotation: {x: 0, y: -0, z: -0, w: 1}
  m_LocalPosition: {x: 0.000016036243, y: 0.033018105, z: -2.8229263e-10}
  m_LocalScale: {x: 1, y: 1, z: 1}
  m_Children: []
  m_Father: {fileID: 1953199136470216807}
  m_RootOrder: 0
  m_LocalEulerAnglesHint: {x: 0, y: 0, z: 0}
--- !u!1 &1105903140122127521
GameObject:
  m_ObjectHideFlags: 0
  m_CorrespondingSourceObject: {fileID: 0}
  m_PrefabInstance: {fileID: 0}
  m_PrefabAsset: {fileID: 0}
  serializedVersion: 6
  m_Component:
  - component: {fileID: 7673404376086903903}
  m_Layer: 0
  m_Name: mixamorig:LeftHandIndex4
  m_TagString: Untagged
  m_Icon: {fileID: 0}
  m_NavMeshLayer: 0
  m_StaticEditorFlags: 0
  m_IsActive: 1
--- !u!4 &7673404376086903903
Transform:
  m_ObjectHideFlags: 0
  m_CorrespondingSourceObject: {fileID: 0}
  m_PrefabInstance: {fileID: 0}
  m_PrefabAsset: {fileID: 0}
  m_GameObject: {fileID: 1105903140122127521}
  m_LocalRotation: {x: 0, y: -0, z: -0, w: 1}
  m_LocalPosition: {x: 0.000054749275, y: 0.03130548, z: 1.9862255e-10}
  m_LocalScale: {x: 1, y: 1, z: 1}
  m_Children: []
  m_Father: {fileID: 419670800926426431}
  m_RootOrder: 0
  m_LocalEulerAnglesHint: {x: 0, y: 0, z: 0}
--- !u!1 &1290068469308168900
GameObject:
  m_ObjectHideFlags: 0
  m_CorrespondingSourceObject: {fileID: 0}
  m_PrefabInstance: {fileID: 0}
  m_PrefabAsset: {fileID: 0}
  serializedVersion: 6
  m_Component:
  - component: {fileID: 2031765867313563829}
  m_Layer: 0
  m_Name: mixamorig:RightHandPinky3
  m_TagString: Untagged
  m_Icon: {fileID: 0}
  m_NavMeshLayer: 0
  m_StaticEditorFlags: 0
  m_IsActive: 1
--- !u!4 &2031765867313563829
Transform:
  m_ObjectHideFlags: 0
  m_CorrespondingSourceObject: {fileID: 0}
  m_PrefabInstance: {fileID: 0}
  m_PrefabAsset: {fileID: 0}
  m_GameObject: {fileID: 1290068469308168900}
  m_LocalRotation: {x: 0.00000044701682, y: 0.000051273953, z: 0.0005953163, w: 0.9999998}
  m_LocalPosition: {x: -0.0000053879053, y: 0.040241398, z: 1.2401716e-11}
  m_LocalScale: {x: 1, y: 1, z: 1}
  m_Children:
  - {fileID: 2637304466058883007}
  m_Father: {fileID: 7943162178535539486}
  m_RootOrder: 0
  m_LocalEulerAnglesHint: {x: 6.3487444, y: -0.023620838, z: -0.4782902}
--- !u!1 &1463032844915632828
GameObject:
  m_ObjectHideFlags: 0
  m_CorrespondingSourceObject: {fileID: 0}
  m_PrefabInstance: {fileID: 0}
  m_PrefabAsset: {fileID: 0}
  serializedVersion: 6
  m_Component:
  - component: {fileID: 4605484541775864120}
  m_Layer: 0
  m_Name: mixamorig:RightHandIndex4
  m_TagString: Untagged
  m_Icon: {fileID: 0}
  m_NavMeshLayer: 0
  m_StaticEditorFlags: 0
  m_IsActive: 1
--- !u!4 &4605484541775864120
Transform:
  m_ObjectHideFlags: 0
  m_CorrespondingSourceObject: {fileID: 0}
  m_PrefabInstance: {fileID: 0}
  m_PrefabAsset: {fileID: 0}
  m_GameObject: {fileID: 1463032844915632828}
  m_LocalRotation: {x: 0, y: -0, z: -0, w: 1}
  m_LocalPosition: {x: -0.000097470016, y: 0.032669988, z: 7.859594e-11}
  m_LocalScale: {x: 1, y: 1, z: 1}
  m_Children: []
  m_Father: {fileID: 3920736754729769005}
  m_RootOrder: 0
  m_LocalEulerAnglesHint: {x: 0, y: 0, z: 0}
--- !u!1 &1660199088694774036
GameObject:
  m_ObjectHideFlags: 0
  m_CorrespondingSourceObject: {fileID: 0}
  m_PrefabInstance: {fileID: 0}
  m_PrefabAsset: {fileID: 0}
  serializedVersion: 6
  m_Component:
  - component: {fileID: 5689815809942504947}
  m_Layer: 0
  m_Name: mixamorig:LeftHandThumb1
  m_TagString: Untagged
  m_Icon: {fileID: 0}
  m_NavMeshLayer: 0
  m_StaticEditorFlags: 0
  m_IsActive: 1
--- !u!4 &5689815809942504947
Transform:
  m_ObjectHideFlags: 0
  m_CorrespondingSourceObject: {fileID: 0}
  m_PrefabInstance: {fileID: 0}
  m_PrefabAsset: {fileID: 0}
  m_GameObject: {fileID: 1660199088694774036}
  m_LocalRotation: {x: 0.15130085, y: -0.17016758, z: -0.19129919, w: 0.9547543}
  m_LocalPosition: {x: 0.046583764, y: 0.009914878, z: 0.0031692553}
  m_LocalScale: {x: 1, y: 1, z: 1}
  m_Children:
  - {fileID: 8683660368593330487}
  m_Father: {fileID: 7663962829403310476}
  m_RootOrder: 4
  m_LocalEulerAnglesHint: {x: -6.8501105, y: -26.267328, z: -16.340027}
--- !u!1 &2178979184716969297
GameObject:
  m_ObjectHideFlags: 0
  m_CorrespondingSourceObject: {fileID: 0}
  m_PrefabInstance: {fileID: 0}
  m_PrefabAsset: {fileID: 0}
  serializedVersion: 6
  m_Component:
  - component: {fileID: 8089484983003232660}
  m_Layer: 0
  m_Name: mixamorig:RightHandThumb1
  m_TagString: Untagged
  m_Icon: {fileID: 0}
  m_NavMeshLayer: 0
  m_StaticEditorFlags: 0
  m_IsActive: 1
--- !u!4 &8089484983003232660
Transform:
  m_ObjectHideFlags: 0
  m_CorrespondingSourceObject: {fileID: 0}
  m_PrefabInstance: {fileID: 0}
  m_PrefabAsset: {fileID: 0}
  m_GameObject: {fileID: 2178979184716969297}
  m_LocalRotation: {x: 0.14981295, y: 0.17431393, z: 0.20930532, w: 0.9504536}
  m_LocalPosition: {x: -0.04531196, y: 0.007667025, z: 0.0023493343}
  m_LocalScale: {x: 1, y: 1, z: 1}
  m_Children:
  - {fileID: 5765605798670841880}
  m_Father: {fileID: 998882836812601943}
  m_RootOrder: 4
  m_LocalEulerAnglesHint: {x: -1.5401611, y: 11.441662, z: 19.950785}
--- !u!1 &2206120834369599768
GameObject:
  m_ObjectHideFlags: 0
  m_CorrespondingSourceObject: {fileID: 0}
  m_PrefabInstance: {fileID: 0}
  m_PrefabAsset: {fileID: 0}
  serializedVersion: 6
  m_Component:
  - component: {fileID: 523571860976597059}
  m_Layer: 0
  m_Name: mixamorig:Spine2
  m_TagString: Untagged
  m_Icon: {fileID: 0}
  m_NavMeshLayer: 0
  m_StaticEditorFlags: 0
  m_IsActive: 1
--- !u!4 &523571860976597059
Transform:
  m_ObjectHideFlags: 0
  m_CorrespondingSourceObject: {fileID: 0}
  m_PrefabInstance: {fileID: 0}
  m_PrefabAsset: {fileID: 0}
  m_GameObject: {fileID: 2206120834369599768}
  m_LocalRotation: {x: 0, y: -0, z: -1.7847978e-29, w: 1}
  m_LocalPosition: {x: -0, y: 0.11763483, z: -6.22748e-12}
  m_LocalScale: {x: 1, y: 1, z: 1}
  m_Children:
  - {fileID: 5613689420419368145}
  - {fileID: 763672602775162019}
  - {fileID: 4736980139769346100}
  m_Father: {fileID: 2889142119813874278}
  m_RootOrder: 0
  m_LocalEulerAnglesHint: {x: -0.19940288, y: -0.24483162, z: 0.30475459}
--- !u!1 &2242699517709942421
GameObject:
  m_ObjectHideFlags: 0
  m_CorrespondingSourceObject: {fileID: 0}
  m_PrefabInstance: {fileID: 0}
  m_PrefabAsset: {fileID: 0}
  serializedVersion: 6
  m_Component:
  - component: {fileID: 3796988753818688360}
  m_Layer: 0
  m_Name: mixamorig:LeftHandThumb3
  m_TagString: Untagged
  m_Icon: {fileID: 0}
  m_NavMeshLayer: 0
  m_StaticEditorFlags: 0
  m_IsActive: 1
--- !u!4 &3796988753818688360
Transform:
  m_ObjectHideFlags: 0
  m_CorrespondingSourceObject: {fileID: 0}
  m_PrefabInstance: {fileID: 0}
  m_PrefabAsset: {fileID: 0}
  m_GameObject: {fileID: 2242699517709942421}
  m_LocalRotation: {x: 0.00063170673, y: -0.004015677, z: -0.10107587, w: 0.9948704}
  m_LocalPosition: {x: -0.0026531124, y: 0.04837064, z: 7.2219675e-10}
  m_LocalScale: {x: 1, y: 1, z: 1}
  m_Children:
  - {fileID: 1804007228956877922}
  m_Father: {fileID: 8683660368593330487}
  m_RootOrder: 0
  m_LocalEulerAnglesHint: {x: -5.1687946, y: 11.871048, z: 14.920606}
--- !u!1 &2852492352974213187
GameObject:
  m_ObjectHideFlags: 0
  m_CorrespondingSourceObject: {fileID: 0}
  m_PrefabInstance: {fileID: 0}
  m_PrefabAsset: {fileID: 0}
  serializedVersion: 6
  m_Component:
  - component: {fileID: 8683660368593330487}
  m_Layer: 0
  m_Name: mixamorig:LeftHandThumb2
  m_TagString: Untagged
  m_Icon: {fileID: 0}
  m_NavMeshLayer: 0
  m_StaticEditorFlags: 0
  m_IsActive: 1
--- !u!4 &8683660368593330487
Transform:
  m_ObjectHideFlags: 0
  m_CorrespondingSourceObject: {fileID: 0}
  m_PrefabInstance: {fileID: 0}
  m_PrefabAsset: {fileID: 0}
  m_GameObject: {fileID: 2852492352974213187}
  m_LocalRotation: {x: 0.0020939773, y: 0.014967574, z: -0.19256265, w: 0.98116827}
  m_LocalPosition: {x: 0.012474614, y: 0.036090977, z: -9.11036e-11}
  m_LocalScale: {x: 1, y: 1, z: 1}
  m_Children:
  - {fileID: 3796988753818688360}
  m_Father: {fileID: 5689815809942504947}
  m_RootOrder: 0
  m_LocalEulerAnglesHint: {x: 25.370441, y: 18.264397, z: -7.1852603}
--- !u!1 &2864928143907980466
GameObject:
  m_ObjectHideFlags: 0
  m_CorrespondingSourceObject: {fileID: 0}
  m_PrefabInstance: {fileID: 0}
  m_PrefabAsset: {fileID: 0}
  serializedVersion: 6
  m_Component:
  - component: {fileID: 6292161153170698899}
  m_Layer: 0
  m_Name: mixamorig:RightLeg
  m_TagString: Untagged
  m_Icon: {fileID: 0}
  m_NavMeshLayer: 0
  m_StaticEditorFlags: 0
  m_IsActive: 1
--- !u!4 &6292161153170698899
Transform:
  m_ObjectHideFlags: 0
  m_CorrespondingSourceObject: {fileID: 0}
  m_PrefabInstance: {fileID: 0}
  m_PrefabAsset: {fileID: 0}
  m_GameObject: {fileID: 2864928143907980466}
  m_LocalRotation: {x: -0.059510384, y: 0.00093005365, z: -0.01983515, w: 0.9980302}
  m_LocalPosition: {x: -2.2185986e-10, y: 0.2617613, z: 2.459806e-12}
  m_LocalScale: {x: 1, y: 1, z: 1}
  m_Children:
  - {fileID: 8625122350967291442}
  m_Father: {fileID: 3666262242793756371}
  m_RootOrder: 0
  m_LocalEulerAnglesHint: {x: -84.55144, y: -45.978886, z: 46.39762}
--- !u!1 &3040575971642960463
GameObject:
  m_ObjectHideFlags: 0
  m_CorrespondingSourceObject: {fileID: 0}
  m_PrefabInstance: {fileID: 0}
  m_PrefabAsset: {fileID: 0}
  serializedVersion: 6
  m_Component:
  - component: {fileID: 4047262029409136075}
  m_Layer: 0
  m_Name: mixamorig:RightForeArm
  m_TagString: Untagged
  m_Icon: {fileID: 0}
  m_NavMeshLayer: 0
  m_StaticEditorFlags: 0
  m_IsActive: 1
--- !u!4 &4047262029409136075
Transform:
  m_ObjectHideFlags: 0
  m_CorrespondingSourceObject: {fileID: 0}
  m_PrefabInstance: {fileID: 0}
  m_PrefabAsset: {fileID: 0}
  m_GameObject: {fileID: 3040575971642960463}
  m_LocalRotation: {x: 0.00000030844848, y: 0.00013658308, z: -0.000000303388, w: 1}
  m_LocalPosition: {x: 1.7722896e-11, y: 0.2680269, z: -1.4224597e-10}
  m_LocalScale: {x: 1, y: 1, z: 1}
  m_Children:
  - {fileID: 998882836812601943}
  m_Father: {fileID: 327707482690580563}
  m_RootOrder: 0
  m_LocalEulerAnglesHint: {x: 1.3255595, y: -3.477661, z: 56.587852}
--- !u!1 &3098411764086712188
GameObject:
  m_ObjectHideFlags: 0
  m_CorrespondingSourceObject: {fileID: 0}
  m_PrefabInstance: {fileID: 0}
  m_PrefabAsset: {fileID: 0}
  serializedVersion: 6
  m_Component:
  - component: {fileID: 6890402807022689643}
  m_Layer: 0
  m_Name: mixamorig:RightHandMiddle3
  m_TagString: Untagged
  m_Icon: {fileID: 0}
  m_NavMeshLayer: 0
  m_StaticEditorFlags: 0
  m_IsActive: 1
--- !u!4 &6890402807022689643
Transform:
  m_ObjectHideFlags: 0
  m_CorrespondingSourceObject: {fileID: 0}
  m_PrefabInstance: {fileID: 0}
  m_PrefabAsset: {fileID: 0}
  m_GameObject: {fileID: 3098411764086712188}
  m_LocalRotation: {x: -0.0000003793571, y: 0.000002831366, z: 0.000094339244, w: 1}
  m_LocalPosition: {x: -0.0000034096865, y: 0.051465984, z: -2.2003137e-11}
  m_LocalScale: {x: 1, y: 1, z: 1}
  m_Children:
  - {fileID: 3354179786226762126}
  m_Father: {fileID: 1359178841108609007}
  m_RootOrder: 0
  m_LocalEulerAnglesHint: {x: 5.366058, y: -0.020481264, z: -0.43875685}
--- !u!1 &3207289289887568510
GameObject:
  m_ObjectHideFlags: 0
  m_CorrespondingSourceObject: {fileID: 0}
  m_PrefabInstance: {fileID: 0}
  m_PrefabAsset: {fileID: 0}
  serializedVersion: 6
  m_Component:
  - component: {fileID: 8625122350967291442}
  m_Layer: 0
  m_Name: mixamorig:RightFoot
  m_TagString: Untagged
  m_Icon: {fileID: 0}
  m_NavMeshLayer: 0
  m_StaticEditorFlags: 0
  m_IsActive: 1
--- !u!4 &8625122350967291442
Transform:
  m_ObjectHideFlags: 0
  m_CorrespondingSourceObject: {fileID: 0}
  m_PrefabInstance: {fileID: 0}
  m_PrefabAsset: {fileID: 0}
  m_GameObject: {fileID: 3207289289887568510}
  m_LocalRotation: {x: 0.52570176, y: 0.007751456, z: 0.008734414, w: 0.8505888}
  m_LocalPosition: {x: 1.6183832e-11, y: 0.24651204, z: 1.9245208e-11}
  m_LocalScale: {x: 1, y: 1, z: 1}
  m_Children:
  - {fileID: 2473514253110822811}
  m_Father: {fileID: 6292161153170698899}
  m_RootOrder: 0
  m_LocalEulerAnglesHint: {x: 51.45629, y: -9.295568, z: -11.374485}
--- !u!1 &3281933416154667842
GameObject:
  m_ObjectHideFlags: 0
  m_CorrespondingSourceObject: {fileID: 0}
  m_PrefabInstance: {fileID: 0}
  m_PrefabAsset: {fileID: 0}
  serializedVersion: 6
  m_Component:
  - component: {fileID: 3920736754729769005}
  m_Layer: 0
  m_Name: mixamorig:RightHandIndex3
  m_TagString: Untagged
  m_Icon: {fileID: 0}
  m_NavMeshLayer: 0
  m_StaticEditorFlags: 0
  m_IsActive: 1
--- !u!4 &3920736754729769005
Transform:
  m_ObjectHideFlags: 0
  m_CorrespondingSourceObject: {fileID: 0}
  m_PrefabInstance: {fileID: 0}
  m_PrefabAsset: {fileID: 0}
  m_GameObject: {fileID: 3281933416154667842}
  m_LocalRotation: {x: 0.00000031779726, y: -0.00012264083, z: -0.0017769795, w: 0.99999845}
  m_LocalPosition: {x: 0.00002704815, y: 0.04660612, z: -2.9729757e-11}
  m_LocalScale: {x: 1, y: 1, z: 1}
  m_Children:
  - {fileID: 4605484541775864120}
  m_Father: {fileID: 6407292353810887561}
  m_RootOrder: 0
  m_LocalEulerAnglesHint: {x: 9.175326, y: -0.08168562, z: -0.97782785}
--- !u!1 &3292821591129009959
GameObject:
  m_ObjectHideFlags: 0
  m_CorrespondingSourceObject: {fileID: 0}
  m_PrefabInstance: {fileID: 0}
  m_PrefabAsset: {fileID: 0}
  serializedVersion: 6
  m_Component:
  - component: {fileID: 2011184967818534196}
  - component: {fileID: 8458650512394907726}
  - component: {fileID: 6618765356319886596}
  m_Layer: 0
  m_Name: Visiters
  m_TagString: Untagged
  m_Icon: {fileID: 0}
  m_NavMeshLayer: 0
  m_StaticEditorFlags: 0
  m_IsActive: 1
--- !u!4 &2011184967818534196
Transform:
  m_ObjectHideFlags: 0
  m_CorrespondingSourceObject: {fileID: 0}
  m_PrefabInstance: {fileID: 0}
  m_PrefabAsset: {fileID: 0}
  m_GameObject: {fileID: 3292821591129009959}
  m_LocalRotation: {x: 0, y: 0, z: 0, w: 1}
  m_LocalPosition: {x: 3.8864117, y: 0, z: 13.631193}
  m_LocalScale: {x: 1, y: 1, z: 1}
  m_Children:
  - {fileID: 2023234420736950194}
  - {fileID: 3222982181735001262}
  m_Father: {fileID: 0}
  m_RootOrder: 0
  m_LocalEulerAnglesHint: {x: 0, y: 0, z: 0}
--- !u!95 &8458650512394907726
Animator:
  serializedVersion: 3
  m_ObjectHideFlags: 0
  m_CorrespondingSourceObject: {fileID: 0}
  m_PrefabInstance: {fileID: 0}
  m_PrefabAsset: {fileID: 0}
  m_GameObject: {fileID: 3292821591129009959}
  m_Enabled: 1
  m_Avatar: {fileID: 9000000, guid: 92a4677a3412d6d4da1f4f28b38d3312, type: 3}
  m_Controller: {fileID: 9100000, guid: 442cfff5c60ff204b884dab85cecd9c1, type: 2}
  m_CullingMode: 1
  m_UpdateMode: 0
  m_ApplyRootMotion: 0
  m_LinearVelocityBlending: 0
  m_WarningMessage: 
  m_HasTransformHierarchy: 1
  m_AllowConstantClipSamplingOptimization: 1
  m_KeepAnimatorControllerStateOnDisable: 0
--- !u!114 &6618765356319886596
MonoBehaviour:
  m_ObjectHideFlags: 0
  m_CorrespondingSourceObject: {fileID: 0}
  m_PrefabInstance: {fileID: 0}
  m_PrefabAsset: {fileID: 0}
  m_GameObject: {fileID: 3292821591129009959}
  m_Enabled: 1
  m_EditorHideFlags: 0
  m_Script: {fileID: 11500000, guid: 923378a4277515443b03f03df1ad3175, type: 3}
  m_Name: 
  m_EditorClassIdentifier: 
  minChangeTime: 1
  maxChangeTime: 4
--- !u!1 &3380116631015165886
GameObject:
  m_ObjectHideFlags: 0
  m_CorrespondingSourceObject: {fileID: 0}
  m_PrefabInstance: {fileID: 0}
  m_PrefabAsset: {fileID: 0}
  serializedVersion: 6
  m_Component:
  - component: {fileID: 1953199136470216807}
  m_Layer: 0
  m_Name: mixamorig:LeftHandRing3
  m_TagString: Untagged
  m_Icon: {fileID: 0}
  m_NavMeshLayer: 0
  m_StaticEditorFlags: 0
  m_IsActive: 1
--- !u!4 &1953199136470216807
Transform:
  m_ObjectHideFlags: 0
  m_CorrespondingSourceObject: {fileID: 0}
  m_PrefabInstance: {fileID: 0}
  m_PrefabAsset: {fileID: 0}
  m_GameObject: {fileID: 3380116631015165886}
  m_LocalRotation: {x: 0.0000002172098, y: 0.000012131054, z: 0.0002308339, w: 1}
  m_LocalPosition: {x: -0.0000003613816, y: 0.04533228, z: 2.4864433e-12}
  m_LocalScale: {x: 1, y: 1, z: 1}
  m_Children:
  - {fileID: 5431249861083517467}
  m_Father: {fileID: 3741424739642933617}
  m_RootOrder: 0
  m_LocalEulerAnglesHint: {x: 15.483362, y: 0.2412578, z: 1.7881542}
--- !u!1 &3530352439713128102
GameObject:
  m_ObjectHideFlags: 0
  m_CorrespondingSourceObject: {fileID: 0}
  m_PrefabInstance: {fileID: 0}
  m_PrefabAsset: {fileID: 0}
  serializedVersion: 6
  m_Component:
  - component: {fileID: 1572206845008360774}
  m_Layer: 0
  m_Name: mixamorig:HeadTop_End
  m_TagString: Untagged
  m_Icon: {fileID: 0}
  m_NavMeshLayer: 0
  m_StaticEditorFlags: 0
  m_IsActive: 1
--- !u!4 &1572206845008360774
Transform:
  m_ObjectHideFlags: 0
  m_CorrespondingSourceObject: {fileID: 0}
  m_PrefabInstance: {fileID: 0}
  m_PrefabAsset: {fileID: 0}
  m_GameObject: {fileID: 3530352439713128102}
  m_LocalRotation: {x: 0, y: -0, z: -0, w: 1}
  m_LocalPosition: {x: -0, y: 0.45805073, z: -0.0022628692}
  m_LocalScale: {x: 1, y: 1, z: 1}
  m_Children: []
  m_Father: {fileID: 8641866170404043715}
  m_RootOrder: 0
  m_LocalEulerAnglesHint: {x: 0, y: 0, z: 0}
--- !u!1 &3602899385547915991
GameObject:
  m_ObjectHideFlags: 0
  m_CorrespondingSourceObject: {fileID: 0}
  m_PrefabInstance: {fileID: 0}
  m_PrefabAsset: {fileID: 0}
  serializedVersion: 6
  m_Component:
  - component: {fileID: 3140222827693026835}
  m_Layer: 0
  m_Name: mixamorig:LeftHandMiddle2
  m_TagString: Untagged
  m_Icon: {fileID: 0}
  m_NavMeshLayer: 0
  m_StaticEditorFlags: 0
  m_IsActive: 1
--- !u!4 &3140222827693026835
Transform:
  m_ObjectHideFlags: 0
  m_CorrespondingSourceObject: {fileID: 0}
  m_PrefabInstance: {fileID: 0}
  m_PrefabAsset: {fileID: 0}
  m_GameObject: {fileID: 3602899385547915991}
  m_LocalRotation: {x: 0.00000028381598, y: 0.000000015550873, z: 0.00011710819, w: 1}
  m_LocalPosition: {x: -0.000012840541, y: 0.054255966, z: 4.0758757e-11}
  m_LocalScale: {x: 1, y: 1, z: 1}
  m_Children:
  - {fileID: 7953769188109959971}
  m_Father: {fileID: 5544017968806443329}
  m_RootOrder: 0
  m_LocalEulerAnglesHint: {x: 16.603535, y: 0.27627113, z: 1.8955737}
--- !u!1 &4120488711645810797
GameObject:
  m_ObjectHideFlags: 0
  m_CorrespondingSourceObject: {fileID: 0}
  m_PrefabInstance: {fileID: 0}
  m_PrefabAsset: {fileID: 0}
  serializedVersion: 6
  m_Component:
  - component: {fileID: 2473514253110822811}
  m_Layer: 0
  m_Name: mixamorig:RightToeBase
  m_TagString: Untagged
  m_Icon: {fileID: 0}
  m_NavMeshLayer: 0
  m_StaticEditorFlags: 0
  m_IsActive: 1
--- !u!4 &2473514253110822811
Transform:
  m_ObjectHideFlags: 0
  m_CorrespondingSourceObject: {fileID: 0}
  m_PrefabInstance: {fileID: 0}
  m_PrefabAsset: {fileID: 0}
  m_GameObject: {fileID: 4120488711645810797}
  m_LocalRotation: {x: 0.27481025, y: -0.029882044, z: 0.008545188, w: 0.96099603}
  m_LocalPosition: {x: -1.1902467e-10, y: 0.2397279, z: 0.0000000132963205}
  m_LocalScale: {x: 1, y: 1, z: 1}
  m_Children:
  - {fileID: 4026136887556915150}
  m_Father: {fileID: 8625122350967291442}
  m_RootOrder: 0
  m_LocalEulerAnglesHint: {x: 32.10851, y: -3.5681536, z: -0.012929048}
--- !u!1 &4562090110608118929
GameObject:
  m_ObjectHideFlags: 0
  m_CorrespondingSourceObject: {fileID: 0}
  m_PrefabInstance: {fileID: 0}
  m_PrefabAsset: {fileID: 0}
  serializedVersion: 6
  m_Component:
  - component: {fileID: 1554339941773357273}
  m_Layer: 0
  m_Name: mixamorig:RightHandThumb3
  m_TagString: Untagged
  m_Icon: {fileID: 0}
  m_NavMeshLayer: 0
  m_StaticEditorFlags: 0
  m_IsActive: 1
--- !u!4 &1554339941773357273
Transform:
  m_ObjectHideFlags: 0
  m_CorrespondingSourceObject: {fileID: 0}
  m_PrefabInstance: {fileID: 0}
  m_PrefabAsset: {fileID: 0}
  m_GameObject: {fileID: 4562090110608118929}
  m_LocalRotation: {x: -0.00057371234, y: -0.0040756576, z: 0.07401173, w: 0.9972489}
  m_LocalPosition: {x: 0.003157758, y: 0.047900956, z: 2.6696845e-10}
  m_LocalScale: {x: 1, y: 1, z: 1}
  m_Children:
  - {fileID: 4298696112718205239}
  m_Father: {fileID: 5765605798670841880}
  m_RootOrder: 0
  m_LocalEulerAnglesHint: {x: -8.932379, y: -11.144998, z: -27.030756}
--- !u!1 &4599215482233282993
GameObject:
  m_ObjectHideFlags: 0
  m_CorrespondingSourceObject: {fileID: 0}
  m_PrefabInstance: {fileID: 0}
  m_PrefabAsset: {fileID: 0}
  serializedVersion: 6
  m_Component:
  - component: {fileID: 5202307085289514828}
  m_Layer: 0
  m_Name: mixamorig:LeftFoot
  m_TagString: Untagged
  m_Icon: {fileID: 0}
  m_NavMeshLayer: 0
  m_StaticEditorFlags: 0
  m_IsActive: 1
--- !u!4 &5202307085289514828
Transform:
  m_ObjectHideFlags: 0
  m_CorrespondingSourceObject: {fileID: 0}
  m_PrefabInstance: {fileID: 0}
  m_PrefabAsset: {fileID: 0}
  m_GameObject: {fileID: 4599215482233282993}
  m_LocalRotation: {x: 0.5240091, y: -0.0077635134, z: -0.008742339, w: 0.8516324}
  m_LocalPosition: {x: -1.756715e-11, y: 0.24650012, z: -6.644662e-11}
  m_LocalScale: {x: 1, y: 1, z: 1}
  m_Children:
  - {fileID: 5189021547170621559}
  m_Father: {fileID: 526525194869185499}
  m_RootOrder: 0
  m_LocalEulerAnglesHint: {x: 52.036575, y: 1.5826892, z: 10.676665}
--- !u!1 &4713302576392585633
GameObject:
  m_ObjectHideFlags: 0
  m_CorrespondingSourceObject: {fileID: 0}
  m_PrefabInstance: {fileID: 0}
  m_PrefabAsset: {fileID: 0}
  serializedVersion: 6
  m_Component:
  - component: {fileID: 615371866826332543}
  m_Layer: 0
  m_Name: mixamorig:LeftHandIndex1
  m_TagString: Untagged
  m_Icon: {fileID: 0}
  m_NavMeshLayer: 0
  m_StaticEditorFlags: 0
  m_IsActive: 1
--- !u!4 &615371866826332543
Transform:
  m_ObjectHideFlags: 0
  m_CorrespondingSourceObject: {fileID: 0}
  m_PrefabInstance: {fileID: 0}
  m_PrefabAsset: {fileID: 0}
  m_GameObject: {fileID: 4713302576392585633}
  m_LocalRotation: {x: -0.017561732, y: 0.0019435113, z: -0.09136095, w: 0.9956611}
  m_LocalPosition: {x: 0.051640585, y: 0.09878544, z: 0.0005420073}
  m_LocalScale: {x: 1, y: 1, z: 1}
  m_Children:
  - {fileID: 4907413398818334928}
  m_Father: {fileID: 7663962829403310476}
  m_RootOrder: 0
  m_LocalEulerAnglesHint: {x: 23.830265, y: -2.856181, z: -8.300588}
--- !u!1 &4827976281407584196
GameObject:
  m_ObjectHideFlags: 0
  m_CorrespondingSourceObject: {fileID: 0}
  m_PrefabInstance: {fileID: 0}
  m_PrefabAsset: {fileID: 0}
  serializedVersion: 6
  m_Component:
  - component: {fileID: 4026136887556915150}
  m_Layer: 0
  m_Name: mixamorig:RightToe_End
  m_TagString: Untagged
  m_Icon: {fileID: 0}
  m_NavMeshLayer: 0
  m_StaticEditorFlags: 0
  m_IsActive: 1
--- !u!4 &4026136887556915150
Transform:
  m_ObjectHideFlags: 0
  m_CorrespondingSourceObject: {fileID: 0}
  m_PrefabInstance: {fileID: 0}
  m_PrefabAsset: {fileID: 0}
  m_GameObject: {fileID: 4827976281407584196}
  m_LocalRotation: {x: 0, y: -0, z: -0, w: 1}
  m_LocalPosition: {x: -3.6470806e-11, y: 0.09601642, z: 1.1275679e-11}
  m_LocalScale: {x: 1, y: 1, z: 1}
  m_Children: []
  m_Father: {fileID: 2473514253110822811}
  m_RootOrder: 0
  m_LocalEulerAnglesHint: {x: 0, y: 0, z: 0}
--- !u!1 &4940134595593988515
GameObject:
  m_ObjectHideFlags: 0
  m_CorrespondingSourceObject: {fileID: 0}
  m_PrefabInstance: {fileID: 0}
  m_PrefabAsset: {fileID: 0}
  serializedVersion: 6
  m_Component:
  - component: {fileID: 4736980139769346100}
  m_Layer: 0
  m_Name: mixamorig:RightShoulder
  m_TagString: Untagged
  m_Icon: {fileID: 0}
  m_NavMeshLayer: 0
  m_StaticEditorFlags: 0
  m_IsActive: 1
--- !u!4 &4736980139769346100
Transform:
  m_ObjectHideFlags: 0
  m_CorrespondingSourceObject: {fileID: 0}
  m_PrefabInstance: {fileID: 0}
  m_PrefabAsset: {fileID: 0}
  m_GameObject: {fileID: 4940134595593988515}
  m_LocalRotation: {x: -0.56450707, y: -0.42294687, z: 0.5737732, w: -0.4162115}
  m_LocalPosition: {x: 0.05510061, y: 0.115093194, z: -0.00089147827}
  m_LocalScale: {x: 1, y: 1, z: 1}
  m_Children:
  - {fileID: 327707482690580563}
  m_Father: {fileID: 523571860976597059}
  m_RootOrder: 2
  m_LocalEulerAnglesHint: {x: 63.126434, y: -92.02165, z: 172.82571}
--- !u!1 &5138485210851994821
GameObject:
  m_ObjectHideFlags: 0
  m_CorrespondingSourceObject: {fileID: 0}
  m_PrefabInstance: {fileID: 0}
  m_PrefabAsset: {fileID: 0}
  serializedVersion: 6
  m_Component:
  - component: {fileID: 5752113021192511112}
  m_Layer: 0
  m_Name: mixamorig:LeftHandRing1
  m_TagString: Untagged
  m_Icon: {fileID: 0}
  m_NavMeshLayer: 0
  m_StaticEditorFlags: 0
  m_IsActive: 1
--- !u!4 &5752113021192511112
Transform:
  m_ObjectHideFlags: 0
  m_CorrespondingSourceObject: {fileID: 0}
  m_PrefabInstance: {fileID: 0}
  m_PrefabAsset: {fileID: 0}
  m_GameObject: {fileID: 5138485210851994821}
  m_LocalRotation: {x: -0.017441832, y: 0.003252833, z: -0.090929255, w: 0.9956993}
  m_LocalPosition: {x: -0.019821042, y: 0.10658647, z: -0.00035973472}
  m_LocalScale: {x: 1, y: 1, z: 1}
  m_Children:
  - {fileID: 3741424739642933617}
  m_Father: {fileID: 7663962829403310476}
  m_RootOrder: 3
  m_LocalEulerAnglesHint: {x: 12.577736, y: -1.8553245, z: -0.50670755}
--- !u!1 &5362713146564396771
GameObject:
  m_ObjectHideFlags: 0
  m_CorrespondingSourceObject: {fileID: 0}
  m_PrefabInstance: {fileID: 0}
  m_PrefabAsset: {fileID: 0}
  serializedVersion: 6
  m_Component:
  - component: {fileID: 1614377209364917917}
  m_Layer: 0
  m_Name: mixamorig:LeftHandPinky2
  m_TagString: Untagged
  m_Icon: {fileID: 0}
  m_NavMeshLayer: 0
  m_StaticEditorFlags: 0
  m_IsActive: 1
--- !u!4 &1614377209364917917
Transform:
  m_ObjectHideFlags: 0
  m_CorrespondingSourceObject: {fileID: 0}
  m_PrefabInstance: {fileID: 0}
  m_PrefabAsset: {fileID: 0}
  m_GameObject: {fileID: 5362713146564396771}
  m_LocalRotation: {x: -0.0000005055863, y: 0.0000024878393, z: -0.00045792758, w: 0.9999999}
  m_LocalPosition: {x: 0.00002494633, y: 0.04836744, z: -2.2453971e-11}
  m_LocalScale: {x: 1, y: 1, z: 1}
  m_Children:
  - {fileID: 1467101922104237967}
  m_Father: {fileID: 239056185365580992}
  m_RootOrder: 0
  m_LocalEulerAnglesHint: {x: 11.714034, y: 0.12928429, z: 1.251019}
--- !u!1 &5604256975017538343
GameObject:
  m_ObjectHideFlags: 0
  m_CorrespondingSourceObject: {fileID: 0}
  m_PrefabInstance: {fileID: 0}
  m_PrefabAsset: {fileID: 0}
  serializedVersion: 6
  m_Component:
  - component: {fileID: 1804007228956877922}
  m_Layer: 0
  m_Name: mixamorig:LeftHandThumb4
  m_TagString: Untagged
  m_Icon: {fileID: 0}
  m_NavMeshLayer: 0
  m_StaticEditorFlags: 0
  m_IsActive: 1
--- !u!4 &1804007228956877922
Transform:
  m_ObjectHideFlags: 0
  m_CorrespondingSourceObject: {fileID: 0}
  m_PrefabInstance: {fileID: 0}
  m_PrefabAsset: {fileID: 0}
  m_GameObject: {fileID: 5604256975017538343}
  m_LocalRotation: {x: 0, y: -0, z: -0, w: 1}
  m_LocalPosition: {x: -0.009821496, y: 0.037324578, z: -5.6690785e-10}
  m_LocalScale: {x: 1, y: 1, z: 1}
  m_Children: []
  m_Father: {fileID: 3796988753818688360}
  m_RootOrder: 0
  m_LocalEulerAnglesHint: {x: 0, y: 0, z: 0}
--- !u!1 &5715329155435232230
GameObject:
  m_ObjectHideFlags: 0
  m_CorrespondingSourceObject: {fileID: 0}
  m_PrefabInstance: {fileID: 0}
  m_PrefabAsset: {fileID: 0}
  serializedVersion: 6
  m_Component:
  - component: {fileID: 2023234420736950194}
  m_Layer: 0
  m_Name: mixamorig:Hips
  m_TagString: Untagged
  m_Icon: {fileID: 0}
  m_NavMeshLayer: 0
  m_StaticEditorFlags: 0
  m_IsActive: 1
--- !u!4 &2023234420736950194
Transform:
  m_ObjectHideFlags: 0
  m_CorrespondingSourceObject: {fileID: 0}
  m_PrefabInstance: {fileID: 0}
  m_PrefabAsset: {fileID: 0}
  m_GameObject: {fileID: 5715329155435232230}
  m_LocalRotation: {x: 0.0000000057158345, y: 0.00000009142274, z: 0.0000037835716,
    w: 1}
  m_LocalPosition: {x: -0.00000046402235, y: 0.68466645, z: 0.000037037848}
  m_LocalScale: {x: 1, y: 1, z: 1}
  m_Children:
  - {fileID: 7049087413566612315}
  - {fileID: 3666262242793756371}
  - {fileID: 2034229692055108116}
  m_Father: {fileID: 2011184967818534196}
  m_RootOrder: 0
  m_LocalEulerAnglesHint: {x: -0.027017593, y: -0.11695777, z: -0.9224851}
--- !u!1 &6167693042190102871
GameObject:
  m_ObjectHideFlags: 0
  m_CorrespondingSourceObject: {fileID: 0}
  m_PrefabInstance: {fileID: 0}
  m_PrefabAsset: {fileID: 0}
  serializedVersion: 6
  m_Component:
  - component: {fileID: 1359178841108609007}
  m_Layer: 0
  m_Name: mixamorig:RightHandMiddle2
  m_TagString: Untagged
  m_Icon: {fileID: 0}
  m_NavMeshLayer: 0
  m_StaticEditorFlags: 0
  m_IsActive: 1
--- !u!4 &1359178841108609007
Transform:
  m_ObjectHideFlags: 0
  m_CorrespondingSourceObject: {fileID: 0}
  m_PrefabInstance: {fileID: 0}
  m_PrefabAsset: {fileID: 0}
  m_GameObject: {fileID: 6167693042190102871}
  m_LocalRotation: {x: 0.00000001846188, y: -0.0000008643271, z: -0.0000013411058,
    w: 1}
  m_LocalPosition: {x: -0.0000025342497, y: 0.054373194, z: 1.8434207e-10}
  m_LocalScale: {x: 1, y: 1, z: 1}
  m_Children:
  - {fileID: 6890402807022689643}
  m_Father: {fileID: 6603765672590692741}
  m_RootOrder: 0
  m_LocalEulerAnglesHint: {x: 28.970478, y: -0.6835943, z: -2.6507971}
--- !u!1 &6226821927203228896
GameObject:
  m_ObjectHideFlags: 0
  m_CorrespondingSourceObject: {fileID: 0}
  m_PrefabInstance: {fileID: 0}
  m_PrefabAsset: {fileID: 0}
  serializedVersion: 6
  m_Component:
  - component: {fileID: 7536842073004052319}
  m_Layer: 0
  m_Name: mixamorig:LeftHandPinky4
  m_TagString: Untagged
  m_Icon: {fileID: 0}
  m_NavMeshLayer: 0
  m_StaticEditorFlags: 0
  m_IsActive: 1
--- !u!4 &7536842073004052319
Transform:
  m_ObjectHideFlags: 0
  m_CorrespondingSourceObject: {fileID: 0}
  m_PrefabInstance: {fileID: 0}
  m_PrefabAsset: {fileID: 0}
  m_GameObject: {fileID: 6226821927203228896}
  m_LocalRotation: {x: 0, y: -0, z: -0, w: 1}
  m_LocalPosition: {x: -0.00000992977, y: 0.029600557, z: 2.6454444e-12}
  m_LocalScale: {x: 1, y: 1, z: 1}
  m_Children: []
  m_Father: {fileID: 1467101922104237967}
  m_RootOrder: 0
  m_LocalEulerAnglesHint: {x: 0, y: 0, z: 0}
--- !u!1 &6332618082886272130
GameObject:
  m_ObjectHideFlags: 0
  m_CorrespondingSourceObject: {fileID: 0}
  m_PrefabInstance: {fileID: 0}
  m_PrefabAsset: {fileID: 0}
  serializedVersion: 6
  m_Component:
  - component: {fileID: 998882836812601943}
  m_Layer: 0
  m_Name: mixamorig:RightHand
  m_TagString: Untagged
  m_Icon: {fileID: 0}
  m_NavMeshLayer: 0
  m_StaticEditorFlags: 0
  m_IsActive: 1
--- !u!4 &998882836812601943
Transform:
  m_ObjectHideFlags: 0
  m_CorrespondingSourceObject: {fileID: 0}
  m_PrefabInstance: {fileID: 0}
  m_PrefabAsset: {fileID: 0}
  m_GameObject: {fileID: 6332618082886272130}
  m_LocalRotation: {x: 0.01584442, y: -0.0035293526, z: -0.099336185, w: 0.9949215}
  m_LocalPosition: {x: 0.0000000013437838, y: 0.24984896, z: -1.401748e-10}
  m_LocalScale: {x: 1, y: 1, z: 1}
  m_Children:
  - {fileID: 6676184694478002923}
  - {fileID: 6603765672590692741}
  - {fileID: 8534482360766523672}
  - {fileID: 2818145423626393962}
  - {fileID: 8089484983003232660}
  m_Father: {fileID: 4047262029409136075}
  m_RootOrder: 0
  m_LocalEulerAnglesHint: {x: -34.24999, y: 38.613518, z: -2.2249002}
--- !u!1 &6343825569346257311
GameObject:
  m_ObjectHideFlags: 0
  m_CorrespondingSourceObject: {fileID: 0}
  m_PrefabInstance: {fileID: 0}
  m_PrefabAsset: {fileID: 0}
  serializedVersion: 6
  m_Component:
  - component: {fileID: 5765605798670841880}
  m_Layer: 0
  m_Name: mixamorig:RightHandThumb2
  m_TagString: Untagged
  m_Icon: {fileID: 0}
  m_NavMeshLayer: 0
  m_StaticEditorFlags: 0
  m_IsActive: 1
--- !u!4 &5765605798670841880
Transform:
  m_ObjectHideFlags: 0
  m_CorrespondingSourceObject: {fileID: 0}
  m_PrefabInstance: {fileID: 0}
  m_PrefabAsset: {fileID: 0}
  m_GameObject: {fileID: 6343825569346257311}
  m_LocalRotation: {x: 0.0020284269, y: -0.0160779, z: 0.19014882, w: 0.9816215}
  m_LocalPosition: {x: -0.01147183, y: 0.034979735, z: -4.5320154e-11}
  m_LocalScale: {x: 1, y: 1, z: 1}
  m_Children:
  - {fileID: 1554339941773357273}
  m_Father: {fileID: 8089484983003232660}
  m_RootOrder: 0
  m_LocalEulerAnglesHint: {x: 33.488533, y: -26.86326, z: 2.9795468}
--- !u!1 &6507440892552161716
GameObject:
  m_ObjectHideFlags: 0
  m_CorrespondingSourceObject: {fileID: 0}
  m_PrefabInstance: {fileID: 0}
  m_PrefabAsset: {fileID: 0}
  serializedVersion: 6
  m_Component:
  - component: {fileID: 2202074630560243035}
  m_Layer: 0
  m_Name: mixamorig:RightHandRing4
  m_TagString: Untagged
  m_Icon: {fileID: 0}
  m_NavMeshLayer: 0
  m_StaticEditorFlags: 0
  m_IsActive: 1
--- !u!4 &2202074630560243035
Transform:
  m_ObjectHideFlags: 0
  m_CorrespondingSourceObject: {fileID: 0}
  m_PrefabInstance: {fileID: 0}
  m_PrefabAsset: {fileID: 0}
  m_GameObject: {fileID: 6507440892552161716}
  m_LocalRotation: {x: 0, y: -0, z: -0, w: 1}
  m_LocalPosition: {x: 0.000005465581, y: 0.03388, z: 4.8359616e-10}
  m_LocalScale: {x: 1, y: 1, z: 1}
  m_Children: []
  m_Father: {fileID: 6955489455016887459}
  m_RootOrder: 0
  m_LocalEulerAnglesHint: {x: 0, y: 0, z: 0}
--- !u!1 &6676590484908192521
GameObject:
  m_ObjectHideFlags: 0
  m_CorrespondingSourceObject: {fileID: 0}
  m_PrefabInstance: {fileID: 0}
  m_PrefabAsset: {fileID: 0}
  serializedVersion: 6
  m_Component:
  - component: {fileID: 2881562348030249731}
  m_Layer: 0
  m_Name: mixamorig:LeftToe_End
  m_TagString: Untagged
  m_Icon: {fileID: 0}
  m_NavMeshLayer: 0
  m_StaticEditorFlags: 0
  m_IsActive: 1
--- !u!4 &2881562348030249731
Transform:
  m_ObjectHideFlags: 0
  m_CorrespondingSourceObject: {fileID: 0}
  m_PrefabInstance: {fileID: 0}
  m_PrefabAsset: {fileID: 0}
  m_GameObject: {fileID: 6676590484908192521}
  m_LocalRotation: {x: 0, y: -0, z: -0, w: 1}
  m_LocalPosition: {x: 1.8511772e-11, y: 0.09533175, z: 1.4690934e-11}
  m_LocalScale: {x: 1, y: 1, z: 1}
  m_Children: []
  m_Father: {fileID: 5189021547170621559}
  m_RootOrder: 0
  m_LocalEulerAnglesHint: {x: 0, y: 0, z: 0}
--- !u!1 &6809480879330039940
GameObject:
  m_ObjectHideFlags: 0
  m_CorrespondingSourceObject: {fileID: 0}
  m_PrefabInstance: {fileID: 0}
  m_PrefabAsset: {fileID: 0}
  serializedVersion: 6
  m_Component:
  - component: {fileID: 7663962829403310476}
  m_Layer: 0
  m_Name: mixamorig:LeftHand
  m_TagString: Untagged
  m_Icon: {fileID: 0}
  m_NavMeshLayer: 0
  m_StaticEditorFlags: 0
  m_IsActive: 1
--- !u!4 &7663962829403310476
Transform:
  m_ObjectHideFlags: 0
  m_CorrespondingSourceObject: {fileID: 0}
  m_PrefabInstance: {fileID: 0}
  m_PrefabAsset: {fileID: 0}
  m_GameObject: {fileID: 6809480879330039940}
  m_LocalRotation: {x: 0.018405836, y: 0.007329278, z: 0.090582855, w: 0.9956919}
  m_LocalPosition: {x: 3.966319e-10, y: 0.24943131, z: -2.0776394e-10}
  m_LocalScale: {x: 1, y: 1, z: 1}
  m_Children:
  - {fileID: 615371866826332543}
  - {fileID: 5544017968806443329}
  - {fileID: 239056185365580992}
  - {fileID: 5752113021192511112}
  - {fileID: 5689815809942504947}
  m_Father: {fileID: 3492239605597176404}
  m_RootOrder: 0
  m_LocalEulerAnglesHint: {x: -41.717648, y: -31.273146, z: 12.7556925}
--- !u!1 &6891241256030976595
GameObject:
  m_ObjectHideFlags: 0
  m_CorrespondingSourceObject: {fileID: 0}
  m_PrefabInstance: {fileID: 0}
  m_PrefabAsset: {fileID: 0}
  serializedVersion: 6
  m_Component:
  - component: {fileID: 3354179786226762126}
  m_Layer: 0
  m_Name: mixamorig:RightHandMiddle4
  m_TagString: Untagged
  m_Icon: {fileID: 0}
  m_NavMeshLayer: 0
  m_StaticEditorFlags: 0
  m_IsActive: 1
--- !u!4 &3354179786226762126
Transform:
  m_ObjectHideFlags: 0
  m_CorrespondingSourceObject: {fileID: 0}
  m_PrefabInstance: {fileID: 0}
  m_PrefabAsset: {fileID: 0}
  m_GameObject: {fileID: 6891241256030976595}
  m_LocalRotation: {x: 0, y: -0, z: -0, w: 1}
  m_LocalPosition: {x: 0.000005943243, y: 0.036465596, z: 4.067718e-11}
  m_LocalScale: {x: 1, y: 1, z: 1}
  m_Children: []
  m_Father: {fileID: 6890402807022689643}
  m_RootOrder: 0
  m_LocalEulerAnglesHint: {x: 0, y: 0, z: 0}
--- !u!1 &7040540656318680833
GameObject:
  m_ObjectHideFlags: 0
  m_CorrespondingSourceObject: {fileID: 0}
  m_PrefabInstance: {fileID: 0}
  m_PrefabAsset: {fileID: 0}
  serializedVersion: 6
  m_Component:
  - component: {fileID: 2637304466058883007}
  m_Layer: 0
  m_Name: mixamorig:RightHandPinky4
  m_TagString: Untagged
  m_Icon: {fileID: 0}
  m_NavMeshLayer: 0
  m_StaticEditorFlags: 0
  m_IsActive: 1
--- !u!4 &2637304466058883007
Transform:
  m_ObjectHideFlags: 0
  m_CorrespondingSourceObject: {fileID: 0}
  m_PrefabInstance: {fileID: 0}
  m_PrefabAsset: {fileID: 0}
  m_GameObject: {fileID: 7040540656318680833}
  m_LocalRotation: {x: 0, y: -0, z: -0, w: 1}
  m_LocalPosition: {x: 0.000028466206, y: 0.026247768, z: -4.4063306e-10}
  m_LocalScale: {x: 1, y: 1, z: 1}
  m_Children: []
  m_Father: {fileID: 2031765867313563829}
  m_RootOrder: 0
  m_LocalEulerAnglesHint: {x: 0, y: 0, z: 0}
--- !u!1 &7119210112531352139
GameObject:
  m_ObjectHideFlags: 0
  m_CorrespondingSourceObject: {fileID: 0}
  m_PrefabInstance: {fileID: 0}
  m_PrefabAsset: {fileID: 0}
  serializedVersion: 6
  m_Component:
  - component: {fileID: 6603765672590692741}
  m_Layer: 0
  m_Name: mixamorig:RightHandMiddle1
  m_TagString: Untagged
  m_Icon: {fileID: 0}
  m_NavMeshLayer: 0
  m_StaticEditorFlags: 0
  m_IsActive: 1
--- !u!4 &6603765672590692741
Transform:
  m_ObjectHideFlags: 0
  m_CorrespondingSourceObject: {fileID: 0}
  m_PrefabInstance: {fileID: 0}
  m_PrefabAsset: {fileID: 0}
  m_GameObject: {fileID: 7119210112531352139}
  m_LocalRotation: {x: -0.015293887, y: -0.0019781862, z: 0.09939954, w: 0.9949281}
  m_LocalPosition: {x: -0.020500336, y: 0.10155723, z: -0.003195586}
  m_LocalScale: {x: 1, y: 1, z: 1}
  m_Children:
  - {fileID: 1359178841108609007}
  m_Father: {fileID: 998882836812601943}
  m_RootOrder: 1
  m_LocalEulerAnglesHint: {x: 0.74117523, y: 0.12180848, z: 7.7440186}
--- !u!1 &7134079994202324819
GameObject:
  m_ObjectHideFlags: 0
  m_CorrespondingSourceObject: {fileID: 0}
  m_PrefabInstance: {fileID: 0}
  m_PrefabAsset: {fileID: 0}
  serializedVersion: 6
  m_Component:
  - component: {fileID: 8641866170404043715}
  m_Layer: 0
  m_Name: mixamorig:Head
  m_TagString: Untagged
  m_Icon: {fileID: 0}
  m_NavMeshLayer: 0
  m_StaticEditorFlags: 0
  m_IsActive: 1
--- !u!4 &8641866170404043715
Transform:
  m_ObjectHideFlags: 0
  m_CorrespondingSourceObject: {fileID: 0}
  m_PrefabInstance: {fileID: 0}
  m_PrefabAsset: {fileID: 0}
  m_GameObject: {fileID: 7134079994202324819}
  m_LocalRotation: {x: 0, y: 0, z: 1.7604865e-37, w: 1}
  m_LocalPosition: {x: -0, y: 0.10684677, z: -0.000527846}
  m_LocalScale: {x: 1, y: 1, z: 1}
  m_Children:
  - {fileID: 1572206845008360774}
  m_Father: {fileID: 763672602775162019}
  m_RootOrder: 0
  m_LocalEulerAnglesHint: {x: -13.341072, y: 5.071629, z: 4.4936237}
--- !u!1 &7151747004450833821
GameObject:
  m_ObjectHideFlags: 0
  m_CorrespondingSourceObject: {fileID: 0}
  m_PrefabInstance: {fileID: 0}
  m_PrefabAsset: {fileID: 0}
  serializedVersion: 6
  m_Component:
  - component: {fileID: 6676184694478002923}
  m_Layer: 0
  m_Name: mixamorig:RightHandIndex1
  m_TagString: Untagged
  m_Icon: {fileID: 0}
  m_NavMeshLayer: 0
  m_StaticEditorFlags: 0
  m_IsActive: 1
--- !u!4 &6676184694478002923
Transform:
  m_ObjectHideFlags: 0
  m_CorrespondingSourceObject: {fileID: 0}
  m_PrefabInstance: {fileID: 0}
  m_PrefabAsset: {fileID: 0}
  m_GameObject: {fileID: 7151747004450833821}
  m_LocalRotation: {x: -0.01530107, y: -0.0019110496, z: 0.100116275, w: 0.99485624}
  m_LocalPosition: {x: -0.04975423, y: 0.092792064, z: 0.0003718094}
  m_LocalScale: {x: 1, y: 1, z: 1}
  m_Children:
  - {fileID: 6407292353810887561}
  m_Father: {fileID: 998882836812601943}
  m_RootOrder: 0
  m_LocalEulerAnglesHint: {x: 10.971709, y: 5.1705284, z: 12.800482}
--- !u!1 &7316465311907915270
GameObject:
  m_ObjectHideFlags: 0
  m_CorrespondingSourceObject: {fileID: 0}
  m_PrefabInstance: {fileID: 0}
  m_PrefabAsset: {fileID: 0}
  serializedVersion: 6
  m_Component:
  - component: {fileID: 526525194869185499}
  m_Layer: 0
  m_Name: mixamorig:LeftLeg
  m_TagString: Untagged
  m_Icon: {fileID: 0}
  m_NavMeshLayer: 0
  m_StaticEditorFlags: 0
  m_IsActive: 1
--- !u!4 &526525194869185499
Transform:
  m_ObjectHideFlags: 0
  m_CorrespondingSourceObject: {fileID: 0}
  m_PrefabInstance: {fileID: 0}
  m_PrefabAsset: {fileID: 0}
  m_GameObject: {fileID: 7316465311907915270}
  m_LocalRotation: {x: -0.058760576, y: -0.00090027356, z: 0.01983347, w: 0.9980747}
  m_LocalPosition: {x: -1.8574185e-10, y: 0.26176304, z: -2.8627479e-11}
  m_LocalScale: {x: 1, y: 1, z: 1}
  m_Children:
  - {fileID: 5202307085289514828}
  m_Father: {fileID: 7049087413566612315}
  m_RootOrder: 0
  m_LocalEulerAnglesHint: {x: -83.8161, y: 44.14024, z: -42.88705}
--- !u!1 &7351760445209368918
GameObject:
  m_ObjectHideFlags: 0
  m_CorrespondingSourceObject: {fileID: 0}
  m_PrefabInstance: {fileID: 0}
  m_PrefabAsset: {fileID: 0}
  serializedVersion: 6
  m_Component:
  - component: {fileID: 6407292353810887561}
  m_Layer: 0
  m_Name: mixamorig:RightHandIndex2
  m_TagString: Untagged
  m_Icon: {fileID: 0}
  m_NavMeshLayer: 0
  m_StaticEditorFlags: 0
  m_IsActive: 1
--- !u!4 &6407292353810887561
Transform:
  m_ObjectHideFlags: 0
  m_CorrespondingSourceObject: {fileID: 0}
  m_PrefabInstance: {fileID: 0}
  m_PrefabAsset: {fileID: 0}
  m_GameObject: {fileID: 7351760445209368918}
  m_LocalRotation: {x: 0.00000038341832, y: 0.00003506325, z: -0.00039869553, w: 0.99999994}
  m_LocalPosition: {x: 0.000070425034, y: 0.05091827, z: -5.9544515e-11}
  m_LocalScale: {x: 1, y: 1, z: 1}
  m_Children:
  - {fileID: 3920736754729769005}
  m_Father: {fileID: 6676184694478002923}
  m_RootOrder: 0
  m_LocalEulerAnglesHint: {x: 25.983809, y: -0.5723014, z: -2.3831556}
--- !u!1 &7398512218672829188
GameObject:
  m_ObjectHideFlags: 0
  m_CorrespondingSourceObject: {fileID: 0}
  m_PrefabInstance: {fileID: 0}
  m_PrefabAsset: {fileID: 0}
  serializedVersion: 6
  m_Component:
  - component: {fileID: 239056185365580992}
  m_Layer: 0
  m_Name: mixamorig:LeftHandPinky1
  m_TagString: Untagged
  m_Icon: {fileID: 0}
  m_NavMeshLayer: 0
  m_StaticEditorFlags: 0
  m_IsActive: 1
--- !u!4 &239056185365580992
Transform:
  m_ObjectHideFlags: 0
  m_CorrespondingSourceObject: {fileID: 0}
  m_PrefabInstance: {fileID: 0}
  m_PrefabAsset: {fileID: 0}
  m_GameObject: {fileID: 7398512218672829188}
  m_LocalRotation: {x: -0.017495703, y: 0.002655185, z: -0.09050133, w: 0.9957391}
  m_LocalPosition: {x: -0.051279433, y: 0.09900654, z: -0.0010547099}
  m_LocalScale: {x: 1, y: 1, z: 1}
  m_Children:
  - {fileID: 1614377209364917917}
  m_Father: {fileID: 7663962829403310476}
  m_RootOrder: 2
  m_LocalEulerAnglesHint: {x: 12.681979, y: -1.7382098, z: 0.7320253}
--- !u!1 &7694775051237085082
GameObject:
  m_ObjectHideFlags: 0
  m_CorrespondingSourceObject: {fileID: 0}
  m_PrefabInstance: {fileID: 0}
  m_PrefabAsset: {fileID: 0}
  serializedVersion: 6
  m_Component:
  - component: {fileID: 327707482690580563}
  m_Layer: 0
  m_Name: mixamorig:RightArm
  m_TagString: Untagged
  m_Icon: {fileID: 0}
  m_NavMeshLayer: 0
  m_StaticEditorFlags: 0
  m_IsActive: 1
--- !u!4 &327707482690580563
Transform:
  m_ObjectHideFlags: 0
  m_CorrespondingSourceObject: {fileID: 0}
  m_PrefabInstance: {fileID: 0}
  m_PrefabAsset: {fileID: 0}
  m_GameObject: {fileID: 7694775051237085082}
  m_LocalRotation: {x: -0.14954649, y: -0.00045812607, z: 0.008261627, w: 0.98872006}
  m_LocalPosition: {x: 2.267126e-11, y: 0.11567853, z: 8.774122e-10}
  m_LocalScale: {x: 1, y: 1, z: 1}
  m_Children:
  - {fileID: 4047262029409136075}
  m_Father: {fileID: 4736980139769346100}
  m_RootOrder: 0
  m_LocalEulerAnglesHint: {x: 29.502216, y: 33.68027, z: 42.734802}
--- !u!1 &7705228450360283871
GameObject:
  m_ObjectHideFlags: 0
  m_CorrespondingSourceObject: {fileID: 0}
  m_PrefabInstance: {fileID: 0}
  m_PrefabAsset: {fileID: 0}
  serializedVersion: 6
  m_Component:
  - component: {fileID: 2889142119813874278}
  m_Layer: 0
  m_Name: mixamorig:Spine1
  m_TagString: Untagged
  m_Icon: {fileID: 0}
  m_NavMeshLayer: 0
  m_StaticEditorFlags: 0
  m_IsActive: 1
--- !u!4 &2889142119813874278
Transform:
  m_ObjectHideFlags: 0
  m_CorrespondingSourceObject: {fileID: 0}
  m_PrefabInstance: {fileID: 0}
  m_PrefabAsset: {fileID: 0}
  m_GameObject: {fileID: 7705228450360283871}
  m_LocalRotation: {x: 2.3409273e-26, y: -3.4294728e-14, z: 6.8259103e-13, w: 1}
  m_LocalPosition: {x: -0, y: 0.102930516, z: -6.598888e-11}
  m_LocalScale: {x: 1, y: 1, z: 1}
  m_Children:
  - {fileID: 523571860976597059}
  m_Father: {fileID: 2034229692055108116}
  m_RootOrder: 0
  m_LocalEulerAnglesHint: {x: -0.19909257, y: -0.20896664, z: 0.35877806}
--- !u!1 &7786256866857981569
GameObject:
  m_ObjectHideFlags: 0
  m_CorrespondingSourceObject: {fileID: 0}
  m_PrefabInstance: {fileID: 0}
  m_PrefabAsset: {fileID: 0}
  serializedVersion: 6
  m_Component:
  - component: {fileID: 1467101922104237967}
  m_Layer: 0
  m_Name: mixamorig:LeftHandPinky3
  m_TagString: Untagged
  m_Icon: {fileID: 0}
  m_NavMeshLayer: 0
  m_StaticEditorFlags: 0
  m_IsActive: 1
--- !u!4 &1467101922104237967
Transform:
  m_ObjectHideFlags: 0
  m_CorrespondingSourceObject: {fileID: 0}
  m_PrefabInstance: {fileID: 0}
  m_PrefabAsset: {fileID: 0}
  m_GameObject: {fileID: 7786256866857981569}
  m_LocalRotation: {x: -0.00000018136717, y: 0.00000041722365, z: 0.000023707746,
    w: 1}
  m_LocalPosition: {x: -0.000015014973, y: 0.039020542, z: -8.631534e-12}
  m_LocalScale: {x: 1, y: 1, z: 1}
  m_Children:
  - {fileID: 7536842073004052319}
  m_Father: {fileID: 1614377209364917917}
  m_RootOrder: 0
  m_LocalEulerAnglesHint: {x: 9.32382, y: 0.08857975, z: 1.0354209}
--- !u!1 &8218610298263489645
GameObject:
  m_ObjectHideFlags: 0
  m_CorrespondingSourceObject: {fileID: 0}
  m_PrefabInstance: {fileID: 0}
  m_PrefabAsset: {fileID: 0}
  serializedVersion: 6
  m_Component:
  - component: {fileID: 4907413398818334928}
  m_Layer: 0
  m_Name: mixamorig:LeftHandIndex2
  m_TagString: Untagged
  m_Icon: {fileID: 0}
  m_NavMeshLayer: 0
  m_StaticEditorFlags: 0
  m_IsActive: 1
--- !u!4 &4907413398818334928
Transform:
  m_ObjectHideFlags: 0
  m_CorrespondingSourceObject: {fileID: 0}
  m_PrefabInstance: {fileID: 0}
  m_PrefabAsset: {fileID: 0}
  m_GameObject: {fileID: 8218610298263489645}
  m_LocalRotation: {x: -0.00000020988472, y: -0.000024381254, z: 0.0006406458, w: 0.9999998}
  m_LocalPosition: {x: -0.000057859997, y: 0.047654085, z: -1.300794e-10}
  m_LocalScale: {x: 1, y: 1, z: 1}
  m_Children:
  - {fileID: 419670800926426431}
  m_Father: {fileID: 615371866826332543}
  m_RootOrder: 0
  m_LocalEulerAnglesHint: {x: 19.503258, y: 0.4006065, z: 2.2756517}
--- !u!1 &8265661190473648050
GameObject:
  m_ObjectHideFlags: 0
  m_CorrespondingSourceObject: {fileID: 0}
  m_PrefabInstance: {fileID: 0}
  m_PrefabAsset: {fileID: 0}
  serializedVersion: 6
  m_Component:
  - component: {fileID: 3741424739642933617}
  m_Layer: 0
  m_Name: mixamorig:LeftHandRing2
  m_TagString: Untagged
  m_Icon: {fileID: 0}
  m_NavMeshLayer: 0
  m_StaticEditorFlags: 0
  m_IsActive: 1
--- !u!4 &3741424739642933617
Transform:
  m_ObjectHideFlags: 0
  m_CorrespondingSourceObject: {fileID: 0}
  m_PrefabInstance: {fileID: 0}
  m_PrefabAsset: {fileID: 0}
  m_GameObject: {fileID: 8265661190473648050}
  m_LocalRotation: {x: -0.00000013218433, y: -0.0000036665535, z: 0.00015626846, w: 1}
  m_LocalPosition: {x: -0.000015674934, y: 0.04873028, z: 1.707963e-10}
  m_LocalScale: {x: 1, y: 1, z: 1}
  m_Children:
  - {fileID: 1953199136470216807}
  m_Father: {fileID: 5752113021192511112}
  m_RootOrder: 0
  m_LocalEulerAnglesHint: {x: 13.428707, y: 0.1829103, z: 1.5365043}
--- !u!1 &8457481141941779727
GameObject:
  m_ObjectHideFlags: 0
  m_CorrespondingSourceObject: {fileID: 0}
  m_PrefabInstance: {fileID: 0}
  m_PrefabAsset: {fileID: 0}
  serializedVersion: 6
  m_Component:
  - component: {fileID: 4965718951433628256}
  m_Layer: 0
  m_Name: mixamorig:LeftHandMiddle4
  m_TagString: Untagged
  m_Icon: {fileID: 0}
  m_NavMeshLayer: 0
  m_StaticEditorFlags: 0
  m_IsActive: 1
--- !u!4 &4965718951433628256
Transform:
  m_ObjectHideFlags: 0
  m_CorrespondingSourceObject: {fileID: 0}
  m_PrefabInstance: {fileID: 0}
  m_PrefabAsset: {fileID: 0}
  m_GameObject: {fileID: 8457481141941779727}
  m_LocalRotation: {x: 0, y: -0, z: -0, w: 1}
  m_LocalPosition: {x: 0.000013370237, y: 0.03558293, z: 3.375748e-11}
  m_LocalScale: {x: 1, y: 1, z: 1}
  m_Children: []
  m_Father: {fileID: 7953769188109959971}
  m_RootOrder: 0
  m_LocalEulerAnglesHint: {x: 0, y: 0, z: 0}
--- !u!1 &8497071488789146309
GameObject:
  m_ObjectHideFlags: 0
  m_CorrespondingSourceObject: {fileID: 0}
  m_PrefabInstance: {fileID: 0}
  m_PrefabAsset: {fileID: 0}
  serializedVersion: 6
  m_Component:
  - component: {fileID: 4298696112718205239}
  m_Layer: 0
  m_Name: mixamorig:RightHandThumb4
  m_TagString: Untagged
  m_Icon: {fileID: 0}
  m_NavMeshLayer: 0
  m_StaticEditorFlags: 0
  m_IsActive: 1
--- !u!4 &4298696112718205239
Transform:
  m_ObjectHideFlags: 0
  m_CorrespondingSourceObject: {fileID: 0}
  m_PrefabInstance: {fileID: 0}
  m_PrefabAsset: {fileID: 0}
  m_GameObject: {fileID: 8497071488789146309}
  m_LocalRotation: {x: 0, y: -0, z: -0, w: 1}
  m_LocalPosition: {x: 0.008314074, y: 0.03825824, z: 1.8926098e-10}
  m_LocalScale: {x: 1, y: 1, z: 1}
  m_Children: []
  m_Father: {fileID: 1554339941773357273}
  m_RootOrder: 0
  m_LocalEulerAnglesHint: {x: 0, y: 0, z: 0}
--- !u!1 &8504123196949547367
GameObject:
  m_ObjectHideFlags: 0
  m_CorrespondingSourceObject: {fileID: 0}
  m_PrefabInstance: {fileID: 0}
  m_PrefabAsset: {fileID: 0}
  serializedVersion: 6
  m_Component:
  - component: {fileID: 5544017968806443329}
  m_Layer: 0
  m_Name: mixamorig:LeftHandMiddle1
  m_TagString: Untagged
  m_Icon: {fileID: 0}
  m_NavMeshLayer: 0
  m_StaticEditorFlags: 0
  m_IsActive: 1
--- !u!4 &5544017968806443329
Transform:
  m_ObjectHideFlags: 0
  m_CorrespondingSourceObject: {fileID: 0}
  m_PrefabInstance: {fileID: 0}
  m_PrefabAsset: {fileID: 0}
  m_GameObject: {fileID: 8504123196949547367}
  m_LocalRotation: {x: -0.017475702, y: 0.0028838785, z: -0.0908836, w: 0.995704}
  m_LocalPosition: {x: 0.019459885, y: 0.105872534, z: -0.0038041028}
  m_LocalScale: {x: 1, y: 1, z: 1}
  m_Children:
  - {fileID: 3140222827693026835}
  m_Father: {fileID: 7663962829403310476}
  m_RootOrder: 1
  m_LocalEulerAnglesHint: {x: 14.9595995, y: -1.9628799, z: -3.0354064}
--- !u!1 &8665634725657238149
GameObject:
  m_ObjectHideFlags: 0
  m_CorrespondingSourceObject: {fileID: 0}
  m_PrefabInstance: {fileID: 0}
  m_PrefabAsset: {fileID: 0}
  serializedVersion: 6
  m_Component:
  - component: {fileID: 6955489455016887459}
  m_Layer: 0
  m_Name: mixamorig:RightHandRing3
  m_TagString: Untagged
  m_Icon: {fileID: 0}
  m_NavMeshLayer: 0
  m_StaticEditorFlags: 0
  m_IsActive: 1
--- !u!4 &6955489455016887459
Transform:
  m_ObjectHideFlags: 0
  m_CorrespondingSourceObject: {fileID: 0}
  m_PrefabInstance: {fileID: 0}
  m_PrefabAsset: {fileID: 0}
  m_GameObject: {fileID: 8665634725657238149}
  m_LocalRotation: {x: -0.00000016645284, y: -0.00000056624543, z: 0.00015455484,
    w: 1}
  m_LocalPosition: {x: -0.0000068619775, y: 0.047850657, z: -7.948876e-11}
  m_LocalScale: {x: 1, y: 1, z: 1}
  m_Children:
  - {fileID: 2202074630560243035}
  m_Father: {fileID: 6380226747272920354}
  m_RootOrder: 0
  m_LocalEulerAnglesHint: {x: 10.103982, y: -0.0713845, z: -0.8072252}
--- !u!1 &8672474683816711761
GameObject:
  m_ObjectHideFlags: 0
  m_CorrespondingSourceObject: {fileID: 0}
  m_PrefabInstance: {fileID: 0}
  m_PrefabAsset: {fileID: 0}
  serializedVersion: 6
  m_Component:
  - component: {fileID: 3222982181735001262}
  - component: {fileID: 3733923978155324758}
  m_Layer: 0
  m_Name: Whiteman
  m_TagString: Untagged
  m_Icon: {fileID: 0}
  m_NavMeshLayer: 0
  m_StaticEditorFlags: 0
  m_IsActive: 1
--- !u!4 &3222982181735001262
Transform:
  m_ObjectHideFlags: 0
  m_CorrespondingSourceObject: {fileID: 0}
  m_PrefabInstance: {fileID: 0}
  m_PrefabAsset: {fileID: 0}
  m_GameObject: {fileID: 8672474683816711761}
  m_LocalRotation: {x: -0.7071068, y: 0, z: -0, w: 0.7071068}
  m_LocalPosition: {x: -0, y: 0, z: 0}
  m_LocalScale: {x: 1, y: 1, z: 1}
  m_Children: []
  m_Father: {fileID: 2011184967818534196}
  m_RootOrder: 1
  m_LocalEulerAnglesHint: {x: 0, y: 0, z: 0}
--- !u!137 &3733923978155324758
SkinnedMeshRenderer:
  m_ObjectHideFlags: 0
  m_CorrespondingSourceObject: {fileID: 0}
  m_PrefabInstance: {fileID: 0}
  m_PrefabAsset: {fileID: 0}
  m_GameObject: {fileID: 8672474683816711761}
  m_Enabled: 1
  m_CastShadows: 1
  m_ReceiveShadows: 1
  m_DynamicOccludee: 1
  m_MotionVectors: 1
  m_LightProbeUsage: 1
  m_ReflectionProbeUsage: 1
  m_RenderingLayerMask: 1
  m_RendererPriority: 0
  m_Materials:
  - {fileID: 2100000, guid: 0b473d8b14cd856409b166d218a9efbf, type: 2}
  m_StaticBatchInfo:
    firstSubMesh: 0
    subMeshCount: 0
  m_StaticBatchRoot: {fileID: 0}
  m_ProbeAnchor: {fileID: 0}
  m_LightProbeVolumeOverride: {fileID: 0}
  m_ScaleInLightmap: 1
  m_ReceiveGI: 1
  m_PreserveUVs: 0
  m_IgnoreNormalsForChartDetection: 0
  m_ImportantGI: 0
  m_StitchLightmapSeams: 1
  m_SelectedEditorRenderState: 3
  m_MinimumChartSize: 4
  m_AutoUVMaxDistance: 0.5
  m_AutoUVMaxAngle: 89
  m_LightmapParameters: {fileID: 0}
  m_SortingLayerID: 0
  m_SortingLayer: 0
  m_SortingOrder: 0
  serializedVersion: 2
  m_Quality: 0
  m_UpdateWhenOffscreen: 0
  m_SkinnedMotionVectors: 1
  m_Mesh: {fileID: -4463630048526573640, guid: 92a4677a3412d6d4da1f4f28b38d3312, type: 3}
  m_Bones:
  - {fileID: 5613689420419368145}
  - {fileID: 2940006559275148175}
  - {fileID: 523571860976597059}
  - {fileID: 2889142119813874278}
  - {fileID: 763672602775162019}
  - {fileID: 8641866170404043715}
  - {fileID: 239056185365580992}
  - {fileID: 3492239605597176404}
  - {fileID: 7663962829403310476}
  - {fileID: 5689815809942504947}
  - {fileID: 5752113021192511112}
  - {fileID: 5544017968806443329}
  - {fileID: 615371866826332543}
  - {fileID: 1614377209364917917}
  - {fileID: 4907413398818334928}
  - {fileID: 3140222827693026835}
  - {fileID: 3741424739642933617}
  - {fileID: 8683660368593330487}
  - {fileID: 3796988753818688360}
  - {fileID: 7953769188109959971}
  - {fileID: 419670800926426431}
  - {fileID: 1953199136470216807}
  - {fileID: 1467101922104237967}
  - {fileID: 7049087413566612315}
  - {fileID: 3666262242793756371}
  - {fileID: 2023234420736950194}
  - {fileID: 526525194869185499}
  - {fileID: 5202307085289514828}
  - {fileID: 5189021547170621559}
  - {fileID: 2034229692055108116}
  - {fileID: 4736980139769346100}
  - {fileID: 327707482690580563}
  - {fileID: 4047262029409136075}
  - {fileID: 998882836812601943}
  - {fileID: 6603765672590692741}
  - {fileID: 8089484983003232660}
  - {fileID: 6676184694478002923}
  - {fileID: 2818145423626393962}
  - {fileID: 8534482360766523672}
  - {fileID: 6407292353810887561}
  - {fileID: 7943162178535539486}
  - {fileID: 5765605798670841880}
  - {fileID: 6380226747272920354}
  - {fileID: 1359178841108609007}
  - {fileID: 1554339941773357273}
  - {fileID: 6890402807022689643}
  - {fileID: 3920736754729769005}
  - {fileID: 6955489455016887459}
  - {fileID: 2031765867313563829}
  - {fileID: 6292161153170698899}
  - {fileID: 8625122350967291442}
  - {fileID: 2473514253110822811}
  m_BlendShapeWeights: []
  m_RootBone: {fileID: 2023234420736950194}
  m_AABB:
    m_Center: {x: -0.00017601252, y: 0.07408461, z: 0.062714085}
    m_Extent: {x: 0.93129593, y: 0.93264544, z: 0.330679}
  m_DirtyAABB: 0
--- !u!1 &8803277950061827501
GameObject:
  m_ObjectHideFlags: 0
  m_CorrespondingSourceObject: {fileID: 0}
  m_PrefabInstance: {fileID: 0}
  m_PrefabAsset: {fileID: 0}
  serializedVersion: 6
  m_Component:
  - component: {fileID: 8534482360766523672}
  m_Layer: 0
  m_Name: mixamorig:RightHandPinky1
  m_TagString: Untagged
  m_Icon: {fileID: 0}
  m_NavMeshLayer: 0
  m_StaticEditorFlags: 0
  m_IsActive: 1
--- !u!4 &8534482360766523672
Transform:
  m_ObjectHideFlags: 0
  m_CorrespondingSourceObject: {fileID: 0}
  m_PrefabInstance: {fileID: 0}
  m_PrefabAsset: {fileID: 0}
  m_GameObject: {fileID: 8803277950061827501}
  m_LocalRotation: {x: -0.015180887, y: -0.0031094656, z: 0.09917994, w: 0.99494886}
  m_LocalPosition: {x: 0.052041244, y: 0.105974, z: -0.0016257722}
  m_LocalScale: {x: 1, y: 1, z: 1}
  m_Children:
  - {fileID: 7943162178535539486}
  m_Father: {fileID: 998882836812601943}
  m_RootOrder: 2
  m_LocalEulerAnglesHint: {x: 7.4768214, y: -10.904233, z: 0.5197186}
--- !u!1 &8808944742656225612
GameObject:
  m_ObjectHideFlags: 0
  m_CorrespondingSourceObject: {fileID: 0}
  m_PrefabInstance: {fileID: 0}
  m_PrefabAsset: {fileID: 0}
  serializedVersion: 6
  m_Component:
  - component: {fileID: 6380226747272920354}
  m_Layer: 0
  m_Name: mixamorig:RightHandRing2
  m_TagString: Untagged
  m_Icon: {fileID: 0}
  m_NavMeshLayer: 0
  m_StaticEditorFlags: 0
  m_IsActive: 1
--- !u!4 &6380226747272920354
Transform:
  m_ObjectHideFlags: 0
  m_CorrespondingSourceObject: {fileID: 0}
  m_PrefabInstance: {fileID: 0}
  m_PrefabAsset: {fileID: 0}
  m_GameObject: {fileID: 8808944742656225612}
  m_LocalRotation: {x: 0.000000038157633, y: -0.0000024437777, z: -0.00010690094,
    w: 1}
  m_LocalPosition: {x: 0.0000013963585, y: 0.046383876, z: 1.9300067e-10}
  m_LocalScale: {x: 1, y: 1, z: 1}
  m_Children:
  - {fileID: 6955489455016887459}
  m_Father: {fileID: 2818145423626393962}
  m_RootOrder: 0
  m_LocalEulerAnglesHint: {x: 12.317811, y: -0.11006697, z: -1.0233237}
--- !u!1 &8873171419288905642
GameObject:
  m_ObjectHideFlags: 0
  m_CorrespondingSourceObject: {fileID: 0}
  m_PrefabInstance: {fileID: 0}
  m_PrefabAsset: {fileID: 0}
  serializedVersion: 6
  m_Component:
  - component: {fileID: 3492239605597176404}
  m_Layer: 0
  m_Name: mixamorig:LeftForeArm
  m_TagString: Untagged
  m_Icon: {fileID: 0}
  m_NavMeshLayer: 0
  m_StaticEditorFlags: 0
  m_IsActive: 1
--- !u!4 &3492239605597176404
Transform:
  m_ObjectHideFlags: 0
  m_CorrespondingSourceObject: {fileID: 0}
  m_PrefabInstance: {fileID: 0}
  m_PrefabAsset: {fileID: 0}
  m_GameObject: {fileID: 8873171419288905642}
  m_LocalRotation: {x: 0.00000025133107, y: -0.000114943716, z: 0.000000047437677,
    w: 1}
  m_LocalPosition: {x: 6.4774304e-11, y: 0.26803815, z: -3.1487773e-10}
  m_LocalScale: {x: 1, y: 1, z: 1}
  m_Children:
  - {fileID: 7663962829403310476}
  m_Father: {fileID: 2940006559275148175}
  m_RootOrder: 0
  m_LocalEulerAnglesHint: {x: 1.3501307, y: 3.765736, z: -60.62815}
--- !u!1 &8911400637269441710
GameObject:
  m_ObjectHideFlags: 0
  m_CorrespondingSourceObject: {fileID: 0}
  m_PrefabInstance: {fileID: 0}
  m_PrefabAsset: {fileID: 0}
  serializedVersion: 6
  m_Component:
  - component: {fileID: 2940006559275148175}
  m_Layer: 0
  m_Name: mixamorig:LeftArm
  m_TagString: Untagged
  m_Icon: {fileID: 0}
  m_NavMeshLayer: 0
  m_StaticEditorFlags: 0
  m_IsActive: 1
--- !u!4 &2940006559275148175
Transform:
  m_ObjectHideFlags: 0
  m_CorrespondingSourceObject: {fileID: 0}
  m_PrefabInstance: {fileID: 0}
  m_PrefabAsset: {fileID: 0}
  m_GameObject: {fileID: 8911400637269441710}
  m_LocalRotation: {x: -0.14953434, y: -0.0008648023, z: -0.0040847985, w: 0.9887478}
  m_LocalPosition: {x: 6.095745e-11, y: 0.11566525, z: 0.0000000015541621}
  m_LocalScale: {x: 1, y: 1, z: 1}
  m_Children:
  - {fileID: 3492239605597176404}
  m_Father: {fileID: 5613689420419368145}
  m_RootOrder: 0
  m_LocalEulerAnglesHint: {x: 32.22908, y: -24.853195, z: -25.734299}
--- !u!1 &8961857064065308181
GameObject:
  m_ObjectHideFlags: 0
  m_CorrespondingSourceObject: {fileID: 0}
  m_PrefabInstance: {fileID: 0}
  m_PrefabAsset: {fileID: 0}
  serializedVersion: 6
  m_Component:
  - component: {fileID: 7953769188109959971}
  m_Layer: 0
  m_Name: mixamorig:LeftHandMiddle3
  m_TagString: Untagged
  m_Icon: {fileID: 0}
  m_NavMeshLayer: 0
  m_StaticEditorFlags: 0
  m_IsActive: 1
--- !u!4 &7953769188109959971
Transform:
  m_ObjectHideFlags: 0
  m_CorrespondingSourceObject: {fileID: 0}
  m_PrefabInstance: {fileID: 0}
  m_PrefabAsset: {fileID: 0}
  m_GameObject: {fileID: 8961857064065308181}
  m_LocalRotation: {x: -0.0000004814718, y: 0.000008478562, z: 0.00017839667, w: 1}
  m_LocalPosition: {x: -0.00000052926237, y: 0.049194068, z: -7.390135e-11}
  m_LocalScale: {x: 1, y: 1, z: 1}
  m_Children:
  - {fileID: 4965718951433628256}
  m_Father: {fileID: 3140222827693026835}
  m_RootOrder: 0
  m_LocalEulerAnglesHint: {x: 13.511004, y: 0.1784211, z: 1.5368102}
--- !u!1 &8967619476120758090
GameObject:
  m_ObjectHideFlags: 0
  m_CorrespondingSourceObject: {fileID: 0}
  m_PrefabInstance: {fileID: 0}
  m_PrefabAsset: {fileID: 0}
  serializedVersion: 6
  m_Component:
  - component: {fileID: 7943162178535539486}
  m_Layer: 0
  m_Name: mixamorig:RightHandPinky2
  m_TagString: Untagged
  m_Icon: {fileID: 0}
  m_NavMeshLayer: 0
  m_StaticEditorFlags: 0
  m_IsActive: 1
--- !u!4 &7943162178535539486
Transform:
  m_ObjectHideFlags: 0
  m_CorrespondingSourceObject: {fileID: 0}
  m_PrefabInstance: {fileID: 0}
  m_PrefabAsset: {fileID: 0}
  m_GameObject: {fileID: 8967619476120758090}
  m_LocalRotation: {x: -0.00000049110554, y: -0.000007897205, z: 0.00019763412, w: 1}
  m_LocalPosition: {x: -0.000023077182, y: 0.043829627, z: 2.642432e-10}
  m_LocalScale: {x: 1, y: 1, z: 1}
  m_Children:
  - {fileID: 2031765867313563829}
  m_Father: {fileID: 8534482360766523672}
  m_RootOrder: 0
  m_LocalEulerAnglesHint: {x: 6.400486, y: -0.02839804, z: -0.5288912}
--- !u!1 &9135426545248941548
GameObject:
  m_ObjectHideFlags: 0
  m_CorrespondingSourceObject: {fileID: 0}
  m_PrefabInstance: {fileID: 0}
  m_PrefabAsset: {fileID: 0}
  serializedVersion: 6
  m_Component:
  - component: {fileID: 3666262242793756371}
  m_Layer: 0
  m_Name: mixamorig:RightUpLeg
  m_TagString: Untagged
  m_Icon: {fileID: 0}
  m_NavMeshLayer: 0
  m_StaticEditorFlags: 0
  m_IsActive: 1
--- !u!4 &3666262242793756371
Transform:
  m_ObjectHideFlags: 0
  m_CorrespondingSourceObject: {fileID: 0}
  m_PrefabInstance: {fileID: 0}
  m_PrefabAsset: {fileID: 0}
  m_GameObject: {fileID: 9135426545248941548}
  m_LocalRotation: {x: 0.000103857135, y: 0.011827399, z: 0.99988395, w: -0.009604712}
  m_LocalPosition: {x: 0.110130556, y: -0.04892647, z: -0.001738936}
  m_LocalScale: {x: 1, y: 1, z: 1}
  m_Children:
  - {fileID: 6292161153170698899}
  m_Father: {fileID: 2023234420736950194}
  m_RootOrder: 1
  m_LocalEulerAnglesHint: {x: -81.78806, y: -93.34224, z: -77.03779}
--- !u!1 &9173284769314841682
GameObject:
  m_ObjectHideFlags: 0
  m_CorrespondingSourceObject: {fileID: 0}
  m_PrefabInstance: {fileID: 0}
  m_PrefabAsset: {fileID: 0}
  serializedVersion: 6
  m_Component:
  - component: {fileID: 5613689420419368145}
  m_Layer: 0
  m_Name: mixamorig:LeftShoulder
  m_TagString: Untagged
  m_Icon: {fileID: 0}
  m_NavMeshLayer: 0
  m_StaticEditorFlags: 0
  m_IsActive: 1
--- !u!4 &5613689420419368145
Transform:
  m_ObjectHideFlags: 0
  m_CorrespondingSourceObject: {fileID: 0}
  m_PrefabInstance: {fileID: 0}
  m_PrefabAsset: {fileID: 0}
  m_GameObject: {fileID: 9173284769314841682}
  m_LocalRotation: {x: 0.5667566, y: -0.42133617, z: 0.57152754, w: 0.41787437}
  m_LocalPosition: {x: -0.05510061, y: 0.1150985, z: -0.00045774807}
  m_LocalScale: {x: 1, y: 1, z: 1}
  m_Children:
  - {fileID: 2940006559275148175}
  m_Father: {fileID: 523571860976597059}
  m_RootOrder: 0
  m_LocalEulerAnglesHint: {x: 68.308846, y: 109.0634, z: -175.86873}
